% This file was created with JabRef 2.3.1.
% Encoding: Cp1252
% Datas de acesso e de publicação de artivo devem ser abreviadas
% Exemplo: 18 fev. 2011, com excessão de maio
% Meses que aparecem em publicações, como periódicos, também devem ser abrevidados.

@MISC{TeXnicCenter2009,
  author = {TeXnicCenter},
  title = {\TeX nicCenter: \normalfont the center of your \LaTeX\ universe},
  year = {2009},
  owner = {Hugo},
  timestamp = {2009.11.08},
  url = {http://www.texniccenter.org},
  urlaccessdate = {8 nov. 2011}
}

@BOOK{PRAÇA, 2012,
  title = {Normas para elabora\c{c}\~ao de trabalhos acad\^emicos},
  publisher = {Universidade Estadual de Maringá},
  year = {2012},
  author = {Elaine Augusto Praça},
  address = {Maringá}
}

