@book{praca12,
	author = "Elaine Augusto Praça",
	title = "HANDPROV: Um modelo de autenticação de usuários móveis baseado em informações de contexto",
	publisher = "Universidade Estadual de Maringá",
	year = 2012,
	address = "Maringá"
}

@book{tanenbaum2011computer,
  title={Computer Networks},
  author={Tanenbaum, A.S. and Wetherall, D.},
  isbn={9780132126953},
  lccn={2010034366},
  edition=5,
  year=2011,
  publisher={Pearson Prentice Hall}
}

@book{nbr27001,
	author = "Associação Brasileira de Normas Técnicas - ABNT",
	title = "NBR ISO/IEC 27001 - Tecnologia da informação - Técnicas de segurança - Sistemas de gestão de segurança da informação - Requisitos",
	address = "Rio de Janeiro",
	publisher = "ABNT",
	year = 2006
}

@INTERNET{Cert2016,
	author={Cert.br/NIC.br},
	title={Contas e senhas},
	internetaddress={http://www.cartilha.cert.br/senhas/},
	day=27,
	month=jan,
	year=2016
}

@INTERNET{rfc2289,
	author={N. Haller and C. Metz and P. Nesser and M. Straw},
	title={RFC 2289 - A One-Time Password System},
	internetaddress={https://tools.ietf.org/html/rfc2289},
	month = feb,
  	year = 1998,
  	bibdate ="Thu Jan 28 2016"
}

@ARTICLE{Daugman2004,
   author={Daugman, John}, 
   title={How Iris Recognition Works},
   year=2004,
   pages={1},
   internetaddress={https://www.cl.cam.ac.uk/~jgd1000/irisrecog.pdf},
   address={U.K},
   publisher={University of Cambridge}
}

@INTERNET{priscila2007,
	author={Priscila Pecchio Belmont Albuquerque},
	title={Biometria - Reconhecimento de Iris},
	internetaddress={http://www.gta.ufrj.br/grad/07_2/priscila/4.1.Vantagens.html},
  	year = 2007,
  	bibdate ="Thu Jan 29 2016"
}